
@book{kundu12,
  author = "Kundu, Pijush K. and Cohen, Ira M. and Downling, David R.",
  title = "Fluid Mechanics",
  publisher = "Elsevier",
  edition = "5",
  year = "2012"
}

@book{schaefer99,
   author    = {Sch\"afer, M.},
   title     = {Numerik im Maschinenbau},
   year      = {1999},
   publisher = {Springer Verlag},
   address   = {Berlin}
}

@book{meister11,
   author    = {Meister, A.},
   title     = {Numerik linearer Gleichungssysteme},
   year      = {2011},
   publisher = {Vieweg+Teubner},
   address   = {Wiesbaden},
   edition   = {4.}
}

@book{ferziger02,
   author    = {Ferziger, J. H. and Peri\'c, M.},
   title     = {Numerische Strömungsmechanik},
   year      = {2002},
   publisher = {Springer Verlag},
   address   = {Berlin}
}

@book{dahmen08,
   author    = {Dahmen, W. and Reusken, A.},
   title     = {Numerik für Ingenieure und Naturwissenschaftler},
   year      = {2008},
   publisher = {Springer Verlag},
   address   = {Berlin},
   edition   = {2.}
}

@book{spurk10,
   author    = {Spurk, J. H. and Aksel, N.},
   title     = {Strömungslehre: Einführung in die Theorie der Strömungen},
   year      = {2010},
   publisher = {Sringer Verlag},
   address   = {Berlin},
   edition   = {8.}
}

@book{hager11,
   author    = {Hager, G. and Wellein, G.},
   title     = {Introduction to High Performance Computing for Scientists and Engineers},
   year      = {2011},
   publisher = {CRC},
   address   = {Boca Raton},
}
